<record><leader>00000cas a22000007a 4500</leader><controlfield tag="001">15299227</controlfield><controlfield tag="008">870311d19372002inudn ne      0    0eng d</controlfield><datafield ind1=" " ind2=" " tag="010"><subfield code="a">sn 87055470 </subfield></datafield><datafield ind1=" " ind2=" " tag="040"><subfield code="a">NPI</subfield><subfield code="b">eng</subfield><subfield code="c">NPI</subfield><subfield code="d">OCLCQ</subfield></datafield><datafield ind1=" " ind2=" " tag="042"><subfield code="a">msc</subfield></datafield><datafield ind1="0" ind2=" " tag="130"><subfield code="a">Wabash plain dealer (Wabash, Ind. : 1937 : Daily)</subfield></datafield><datafield ind1="1" ind2="0" tag="245"><subfield code="a">Wabash plain dealer.</subfield></datafield><datafield ind1="1" ind2="3" tag="246"><subfield code="a">Wabash times star</subfield></datafield><datafield ind1=" " ind2=" " tag="260"><subfield code="a">Wabash, Ind. :</subfield><subfield code="b">[s.n.],</subfield><subfield code="c">1937-2002.</subfield></datafield><datafield ind1=" " ind2=" " tag="300"><subfield code="a">70 v. :</subfield><subfield code="b">ill. ;</subfield><subfield code="c">58 cm.</subfield></datafield><datafield ind1=" " ind2=" " tag="310"><subfield code="a">Daily (except Sun.)</subfield></datafield><datafield ind1="0" ind2=" " tag="362"><subfield code="a">Vol. 74, no. 297 (Jan. 16, 1937)-v. 143, no. 174 (Mar. 2-3, 2002).</subfield></datafield><datafield ind1=" " ind2=" " tag="500"><subfield code="a">"80th anniversary edition," dated June 29 and June 30, 1939 called: Wabash plain dealer and times star, and: Wabash times star.</subfield></datafield><datafield ind1=" " ind2=" " tag="752"><subfield code="a">United States</subfield><subfield code="b">Indiana</subfield><subfield code="c">Wabash</subfield><subfield code="d">Wabash.</subfield></datafield><datafield ind1="0" ind2="0" tag="780"><subfield code="t">Wabash plain dealer, and times-star</subfield><subfield code="w">(DLC)sn 87055469</subfield></datafield><datafield ind1="0" ind2="0" tag="785"><subfield code="t">Plain dealer (Wabash, Ind.)</subfield><subfield code="w">(DLC)sn2002062416</subfield></datafield><datafield ind1="1" ind2=" " tag="029"><subfield code="a">AU@</subfield><subfield code="b">000020037756</subfield></datafield></record>